
@article{CSPaper,
 author = {E. Candes and T.Tao},
 title = {Near-optimal signal recovery from random projections:Universal encoding strategies?},
 journal = {IEEE Trans. Inf. Theory},
 volume = 52,
 number = 12,
 pages = {5406--5425},
 year = 2006
}
